<?xml version="1.0" encoding="UTF-8"?>
<collection xmlns="http://www.loc.gov/MARC21/slim" xmlns:xsi="http://www.w3.org/2001/XMLSchema-instance" xmlns:marc="http://www.loc.gov/MARC21/slim" xsi:schemaLocation="http://www.loc.gov/MARC21/slim http://www.loc.gov/standards/marcxml/schema/MARC21slim.xsd">
   <record>
      <marc:leader>00637cas a2200205uu 4500</marc:leader>
      <marc:controlfield tag="001">559950</marc:controlfield>
      <marc:controlfield tag="005">20140602104402.0</marc:controlfield>
      <marc:controlfield tag="008">890224u19uu9999nyu|||||||||||||||||eng |</marc:controlfield>
      <marc:datafield tag="035" ind1=" " ind2=" ">
         <marc:subfield code="a">(OCoLC)321272003</marc:subfield>
      </marc:datafield>
      <marc:datafield tag="035" ind1=" " ind2=" ">
         <marc:subfield code="a">(CStRLIN)NJPG89-S1274</marc:subfield>
      </marc:datafield>
      <marc:datafield tag="035" ind1=" " ind2=" ">
         <marc:subfield code="9">ACP5878TS</marc:subfield>
      </marc:datafield>
      <marc:datafield tag="040" ind1=" " ind2=" ">
         <marc:subfield code="a">NjP</marc:subfield>
         <marc:subfield code="c">NjP</marc:subfield>
      </marc:datafield>
      <marc:datafield tag="245" ind1="0" ind2="0">
         <marc:subfield code="a">Secession.</marc:subfield>
      </marc:datafield>
      <marc:datafield tag="260" ind1=" " ind2=" ">
         <marc:subfield code="a">New York :</marc:subfield>
         <marc:subfield code="b">Kenneth Burke, Gorham B. Munson</marc:subfield>
      </marc:datafield>
      <marc:datafield tag="510" ind1="4" ind2=" ">
         <marc:subfield code="a">Hoffman, F.J.  Little magazine,</marc:subfield>
         <marc:subfield code="c">p. 267</marc:subfield>
      </marc:datafield>
      <datafield tag="599" ind1=" " ind2=" ">
         <subfield code="a">ark:/88435/h702q904c</subfield>
         <subfield code="b">bmtnaay_1923-01_01</subfield>
         <subfield code="v">no.4 1923-01</subfield>
      </datafield>
      <marc:datafield tag="655" ind1=" " ind2="7">
         <marc:subfield code="a">Little magazines</marc:subfield>
         <marc:subfield code="2">rbgenr</marc:subfield>
      </marc:datafield>
      <marc:datafield tag="856" ind1="4" ind2="1">
         <marc:subfield code="u">http://arks.princeton.edu/ark:/88435/tb09j7042</marc:subfield>
      </marc:datafield>
      <marc:datafield tag="998" ind1=" " ind2=" ">
         <marc:subfield code="a">02/24/89</marc:subfield>
         <marc:subfield code="s">9994</marc:subfield>
         <marc:subfield code="n">NjP</marc:subfield>
         <marc:subfield code="w">NJPG89S1274</marc:subfield>
         <marc:subfield code="d">02/24/89</marc:subfield>
         <marc:subfield code="c">KLF</marc:subfield>
         <marc:subfield code="b">KLF</marc:subfield>
         <marc:subfield code="i">890224</marc:subfield>
         <marc:subfield code="l">NJPG</marc:subfield>
      </marc:datafield>
      <marc:datafield tag="911" ind1=" " ind2=" ">
         <marc:subfield code="a">19921028</marc:subfield>
      </marc:datafield>
      <marc:datafield tag="912" ind1=" " ind2=" ">
         <marc:subfield code="a">19900427000000.0</marc:subfield>
      </marc:datafield>
   </record>
</collection>
